<collection xmlns="http://www.loc.gov/MARC21/slim">
<record>
  <leader>00990nam0a22002291i 450 </leader>
  <controlfield tag="001">IT\ICCU\CNCE\033151</controlfield>
  <controlfield tag="005">19990302000000.0</controlfield>
  <datafield tag="100" ind1=" " ind2=" ">
    <subfield code="a">19971217d1598        0itac0103    ba</subfield>
  </datafield>
  <datafield tag="101" ind1=" " ind2=" ">
    <subfield code="a">ITA</subfield>
  </datafield>
  <datafield tag="102" ind1=" " ind2=" ">
    <subfield code="a">IT</subfield>
  </datafield>
  <datafield tag="200" ind1="1" ind2=" ">
    <subfield code="a">Oratione ... al Senato et popolo genouese nella coronatione del serenissimo Duce Lazaro Grimaldi recitata l&apos;anno MDXCVII li XXVII decembre</subfield>
  </datafield>
  <datafield tag="210" ind1=" " ind2=" ">
    <subfield code="a">Genoua</subfield>
    <subfield code="c">appresso G. Pauoni</subfield>
    <subfield code="d">1598</subfield>
  </datafield>
  <datafield tag="215" ind1=" " ind2=" ">
    <subfield code="a">15 p.</subfield>
    <subfield code="d">4ʻ</subfield>
  </datafield>
  <datafield tag="620" ind1=" " ind2=" ">
    <subfield code="a">IT</subfield>
    <subfield code="d">Genova</subfield>
  </datafield>
  <datafield tag="700" ind1=" " ind2="1">
    <subfield code="a">Ghirardenghi,</subfield>
    <subfield code="b">Giacomo Maria</subfield>
    <subfield code="3">IT\ICCU\CNCA\006007</subfield>
  </datafield>
  <datafield tag="712" ind1="0" ind2="0">
    <subfield code="a">Pavoni, Giuseppe</subfield>
    <subfield code="3">IT\ICCU\CNCT\001422</subfield>
    <subfield code="4">650</subfield>
  </datafield>
  <datafield tag="790" ind1=" " ind2="1">
    <subfield code="a">Gherardenghi,</subfield>
    <subfield code="b">Giacomo Maria</subfield>
    <subfield code="3">IT\ICCU\CNCA\019498</subfield>
    <subfield code="z">Ghirardenghi, Giacomo Maria</subfield>
  </datafield>
  <datafield tag="790" ind1=" " ind2="1">
    <subfield code="a">Gherardenghi,</subfield>
    <subfield code="b">Iacopo Maria</subfield>
    <subfield code="3">IT\ICCU\CNCA\019827</subfield>
    <subfield code="z">Ghirardenghi, Giacomo Maria</subfield>
  </datafield>
  <datafield tag="791" ind1="0" ind2="0">
    <subfield code="a">Pavo, Iosephus</subfield>
    <subfield code="3">IT\ICCU\CNCT\005331</subfield>
    <subfield code="z">Pavoni, Giuseppe</subfield>
  </datafield>
  <datafield tag="801" ind1=" " ind2="3">
    <subfield code="a">IT</subfield>
    <subfield code="b">ICCU</subfield>
    <subfield code="c">20201114</subfield>
  </datafield>
  <datafield tag="899" ind1=" " ind2=" ">
    <subfield code="a">Biblioteca comunale Ariostea. Ferrara</subfield>
    <subfield code="1">FE0017</subfield>
    <subfield code="2">UFE AR</subfield>
  </datafield>
  <datafield tag="899" ind1=" " ind2=" ">
    <subfield code="a">Biblioteca universitaria. Padova</subfield>
    <subfield code="1">PD0158</subfield>
    <subfield code="2">PUV 00</subfield>
  </datafield>
</record>
</collection>
